%% NOTA: em vez de usar as letras e vogais com acento ou sinais gr\'aficos (como o c cedilhado -- \c c), algo normal agora no texto em LaTeX, use aqui suas formas no padr�o LaTeX, p. ex.:
%% \'a = a agudo (mesmo para outras vogais)
%% \^a = a circunflexo  
%% \`a = a craseado
%% \"a = a tremado
%% {\c c} = c cedilhado
%% Isto ainda � necess�rio para evitar inconsist�ncias na gera��o da lista de refer�ncias bibliogr�ficas.

@string{cs =      "Complex Systems"}
@string{pl =      "Physics Letters"}
@string{prl =     "Physical Review Letters"}
@string{pra =     "Physical Review A"}
@string{pla =     "Physics Letters A"}
@string{pre =     "Physical Review E"}
@string{pd =      "Physica D"}
@string{jcsc =    "Journal of Circuits, Systems and Computers"}
@string{jsv =     "Journal of Sound and Vibration"}
@string{ijbc =    "International Journal of Bifurcation and Chaos"}
@string{ijc =     "International Journal of Control"}
@string{ieeecas = "IEEE Transactions on Circuits and Systems"}
@string{jrssb =   "Journal of the Royal Statistical Society B"}
@string{n =       "Nature"}
@string{zn =      "Z. Naturforsch"}
@string{jfi =     "Zeitschrift fuer Naturforschung A"}

@ARTICLE{2017arXiv170309824V,
   author = {{VanderPlas}, J.~T.},
    title = "{Understanding the Lomb-Scargle Periodogram}",
  journal = {ArXiv e-prints},
archivePrefix = "arXiv",
   eprint = {1703.09824},
 primaryClass = "astro-ph.IM",
 keywords = {Astrophysics - Instrumentation and Methods for Astrophysics},
     year = 2017,
    month = mar,
   adsurl = {http://adsabs.harvard.edu/abs/2017arXiv170309824V},
  adsnote = {Provided by the SAO/NASA Astrophysics Data System}
}

@article{lomb1976least,
  title={Least-squares frequency analysis of unequally spaced data},
  author={Lomb, Nicholas R},
  journal={Astrophysics and space science},
  volume={39},
  number={2},
  pages={447--462},
  year={1976},
  publisher={Springer}
}

@article{scargle1982studies,
  title={Studies in astronomical time series analysis. II-Statistical aspects of spectral analysis of unevenly spaced data},
  author={Scargle, Jeffrey D},
  journal={The Astrophysical Journal},
  volume={263},
  pages={835--853},
  year={1982}
}

@misc{Leo,
  author = {Cassara, L.S.},
  title = {Projeto Fourier},
  year = {2020},
  publisher = {INPE},
  journal = {GitHub repository},
  howpublished = {\url{https://github.com/charlespwd/project-title}}
}

@article{tapping201310,
  title={The 10.7 cm solar radio flux (F10. 7)},
  author={Tapping, KF},
  journal={Space Weather},
  volume={11},
  number={7},
  pages={394-406},
  year={2013},
  publisher={Wiley Online Library}
}


@article{li1999fourier,
  title={Fourier Analysis},
  author={Li, Xin},
  journal={Wiley Encyclopedia of Electrical and Electronics Engineering. Available online Dec},
  volume={27},
  year={1999}
}


@article{cooley1965algorithm,
  title={An algorithm for the machine calculation of complex Fourier series},
  author={Cooley, James W and Tukey, John W},
  journal={Mathematics of computation},
  volume={19},
  number={90},
  pages={297--301},
  year={1965},
  publisher={JSTOR}
}

@article{huang2009forecast,
  title={Forecast daily indices of solar activity, F10. 7, using support vector regression method},
  author={Huang, Cong and Liu, Dan-Dan and Wang, Jing-Song},
  journal={Research in Astronomy and Astrophysics},
  volume={9},
  number={6},
  pages={694},
  year={2009},
  publisher={IOP Publishing}
}


@article{dmitriev1999solar,
  title={Solar activity forecasting on 1999-2000 by means of artificial neural networks},
  author={Dmitriev, A and Minaeva, Yu and Orlov, Yu and Riazantseva, M and Veselovsky, I},
  journal={EGS XXIV General Assembly},
  volume={22},
  year={1999}
}

@article{mordvinov1986prediction,
  title={Prediction of monthly indices of solar activity F 10.7 on the basis of a multiplicative autoregression model.},
  author={Mordvinov, AV},
  journal={BSolD},
  volume={1985},
  pages={67--73},
  year={1986}
}

@article{zhong2005application,
  title={Application of singular spectrum analysis to solar 10.7 cm radio flux 27-day forecast},
  author={Zhong, ZQ and Liu, QS and He, XJ and Gong, JC},
  journal={Chinese Journal of Space Science},
  volume={25},
  number={3},
  pages={199--203},
  year={2005}
}

@article{bruevich2014study,
  title={The study of time series of monthly averaged values of F10. 7 from 1950 to 2010},
  author={Bruevich, EA and Bruevich, VV and Yakunina, GV},
  journal={arXiv preprint arXiv:1401.7033},
  year={2014}
}


@article{CotaCovid19br2020,
	doi = {10.1590/scielopreprints.362},
	url = {https://doi.org/10.1590/scielopreprints.362},
	year = {2020},
	month = may,
	journal={{SciELOPreprints:362}},
	publisher = {{FapUNIFESP} ({SciELO})},
	author = {Wesley Cota},
	title = {Monitoring the number of {COVID}-19 cases and deaths in Brazil at municipal and federative units level}
}

@article{owidcoronavirus,
    author = {Max Roser, Hannah Ritchie, Esteban Ortiz-Ospina and Joe Hasell},
    title = {Coronavirus Pandemic (COVID-19)},
    journal = {Our World in Data},
    year = {2020},
    note = {https://ourworldindata.org/coronavirus}
}

@MISC{iag/05,
   organization = {Large scale biosphere atmosphere experiment in Amazonia (LBA)},
   title = {},
   year = {2005},
   url = { http://www.lba.iag.usp.br/ },
   urlaccessdate = { 20 maio 2005 },
}


@ARTICLE{nobre/2005,
author 		= {Luizao, F. J. and Nobre, C. A. and Manzi, A. O.},
title		  = {Projeto LBA: Estudando as Complexas Intera{\c c}\~oes da Biosfera com a Atmosfera na Amaz\^onia},
journal 	= {ACTA Amaz\^onica},
year 			= {2005},
volume 		= {35},
number 		= {1-2},
pages 		= {109--110},
}


@THESIS{edtese/99,
  address = {Rio de Janeiro},
  author = {Santos, E. O.}, 
  pages = {74},
  school = {Universidade Federal do Rio de Janeiro (UFRJ)},
  title = {Contribui{\c c}\~ao ao estudo do fluxo de di\'oxido de carbono dentro da floresta amaz\^onica},
  type = {Disserta{\c c}\~ao (Mestrado em Engenharia Mec\^anica)},
  year = {1999},
}


@BOOK{aguirre/00,
author              = {Aguirre, L. A.},
title               = {Introdu��o � identifica��o de sistemas},
subtitle            = {t�cnicas lineares e n�o-lineares aplicadas a sistemas reais},
year                = {2000},
note                = { },
publisher           = { Editora UFMG},
address             = {Belo Horizonte},
}


@INCOLLECTION{katul/94, 
   author = {Katul, G.G. and Albertson, J. D. and Chu, C. R. and Parlange, M. B.},
   title  = {Intermittency in atmospheric surface layer turbulence: the orthonormal wavelet representation},
   booktitle  = {Wavelets in Geophysics},
   editor = {Foufoula-Georgiou, E. and Kumar, P.},
   publisher  = {Academic Press},
   year       = {1994},
   address    = {London},
   pages      = {81-105},   
}


@MANUAL{NBR6023:2002b,
  title = {{NBR} 6023},
  organization = {Associa{\c{c}}{\~a}o Brasileira de Normas T{\'e}cnicas (ABNT)},
  address = {Rio de Janeiro},
  month = aug,
  year = {2002b},
  org-short = {ABNT},
  pages = {24},
  subtitle = {informa{\c{c}}{\~a}o e documenta{\c{c}}{\~a}o: refer{\^e}ncias: elabora{\c{c}}{\~a}o},
}


@TECHREPORT{mauri:2003,
   author = {Geraldo Regis Mauri}, 
   year = {2003},
   title = {Resolu{\c{c}}{\~a}o do problema de programa{\c{c}}{\~a}o 
   de tripula{\c{c}}{\~o}es de um sistema de transporte p{\'u}blico via 
   simulated annealing},
   address = {Ouro Preto},
   organization = {Departamento de Ci{\^e}ncia da Computa{\c{c}}{\~a}o{-} 
   Universidade Federal de Ouro Preto},
   url = {http://www.decom.ufop.br/prof/marcone/Orientacoes/
   PPTviaSimulatedAnnealing.pdf},
   urlaccessdate  = {28 ago. 2006},   
   note = { 98p. Relat{\'orio t{\'e}cnico}},
}


>